@book{cuda_be,
 author = {Sanders, Jason and Kandrot, Edward},
 title = {CUDA by Example: An Introduction to General-Purpose GPU Programming},
 year = {2010},
 isbn = {0131387685, 9780131387683},
 edition = {1st},
 publisher = {Addison-Wesley Professional},
} 
@Article{ baker,
	author = "W. Baker, A. Mahmood, and B. Carlson",
	title = "Parallel event-driven logic simulation algorithms: Tutorial and comparative evaluation",
	journal = "IEEE Journal on Circuits,Devices and Systems",
	year = "1996",
	volume = "21",
	pdf = "no.pdf"
}

@article{manjikian,
 author = {Manjikian, Naraig and Loucks, Wayne M.},
 title = {High performance parallel logic simulations on a network of workstations},
 journal = {SIGSIM Simul. Dig.},
 issue_date = {July 1993},
 volume = {23},
 number = {1},
 month = jul,
 year = {1993},
 issn = {0163-6103},
 pages = {76--84},
 numpages = {9},
 url = {http://doi.acm.org/10.1145/174134.158469},
 doi = {10.1145/174134.158469},
 acmid = {158469},
 publisher = {ACM},
 address = {New York, NY, USA},
}

@Article{ matsumoto,
	author = "Y. Matsumoto and K. Taki",
	title = " Parallel logic simulation on a distributed memory machine",
	journal = "Proc. EDAC",
	year = "1992",
	pdf = "no.pdf"
}

@inproceedings{kim,
 author = {Kim, Young-Il and Yang, Wooseung and Kwon, Young-Su and Kyung, Chong-Min},
 title = {Communication-efficient hardware acceleration for fast functional simulation},
 booktitle = {Proceedings of the 41st annual Design Automation Conference},
 series = {DAC '04},
 year = {2004},
 isbn = {1-58113-828-8},
 location = {San Diego, CA, USA},
 pages = {293--298},
 numpages = {6},
 url = {http://doi.acm.org/10.1145/996566.996654},
 doi = {10.1145/996566.996654},
 acmid = {996654},
 publisher = {ACM},
 address = {New York, NY, USA},
 keywords = {communication overhead, functional verification, simulation acceleration},
} 

@Article{ perinkulam,
	author = "A. Perinkulam and S. Kundu",
	title = " Logic simulation using graphics processors",
	journal = "In Proc. ITSW",
	year = "2007",
	pdf = "no.pdf"
}

@INPROCEEDINGS{bertasco, 
author={Bertacco, V. and Chatterjee, D.}, 
booktitle={VLSI Design, Automation and Test (VLSI-DAT), 2011 International Symposium on}, title={High performance gate-level simulation with GP-GPU computing}, 
year={2011}, 
month={april}, 
volume={}, 
number={}, 
pages={1 -3}, 
keywords={GCS simulation architecture;GP-GPU computing;GPU-based gate-level simulator;concurrent hardware resources;functional verification;graphic processing unit;high performance gate-level simulation;logic simulation;parallel processing;computer graphic equipment;}, 
doi={10.1109/VDAT.2011.5783577}, 
ISSN={Pending},}

@inproceedings{chatterjee,
 author = {Chatterjee, Debapriya and DeOrio, Andrew and Bertacco, Valeria},
 title = {GCS: high-performance gate-level simulation with GP-GPUs},
 booktitle = {Proceedings of the Conference on Design, Automation and Test in Europe},
 series = {DATE '09},
 year = {2009},
 isbn = {978-3-9810801-5-5},
 location = {Nice, France},
 pages = {1332--1337},
 numpages = {6},
 url = {http://dl.acm.org/citation.cfm?id=1874620.1874941},
 acmid = {1874941},
 publisher = {European Design and Automation Association},
 address = {3001 Leuven, Belgium, Belgium},
} 

@article{sen,
year={2011},
issn={0885-7458},
journal={International Journal of Parallel Programming},
volume={39},
issue={5},
doi={10.1007/s10766-011-0164-7},
title={Speeding Up Cycle Based Logic Simulation Using Graphics Processing Units},
url={http://dx.doi.org/10.1007/s10766-011-0164-7},
publisher={Springer US},
keywords={Graphics processing units (GPU); Parallel logic simulation; Cycle based simulation; And inverter graph (AIG)},
author={Sen, Alper and Aksanli, Baris and Bozkurt, Murat},
pages={639-661},
language={English}
}

